
@article{de_kroon_elasticities:_2000,
	title = {{ELASTICITIES:} A {REVIEW} {OF} {METHODS} {AND} {MODEL} {LIMITATIONS}},
	volume = {81},
	issn = {0012-9658},
	shorttitle = {{ELASTICITIES}},
	url = {http://www.esajournals.org/doi/abs/10.1890/0012-9658%282000%29081%5B0607%3AEAROMA%5D2.0.CO%3B2},
	doi = {10.1890/0012-9658(2000)081[0607:EAROMA]2.0.CO;2},
	number = {3},
	journal = {Ecology},
	author = {de Kroon, Hans and van Groenendael, Jan and Ehrlén, Johan},
	month = mar,
	year = {2000},
	pages = {607--618}
}

@article{ froese2000empirical,
Author = {Froese, R and Binohlan, C},
Title = {{Empirical relationships to estimate asymptotic length, length at first
   maturity and length at maximum yield per recruit in fishes, with a
   simple method to evaluate length frequency data}},
Journal = {{JOURNAL OF FISH BIOLOGY}},
Year = {{2000}},
Volume = {{56}},
Number = {{4}},
Pages = {{758-773}},
Month = {{APR}},
Publisher = {{ACADEMIC PRESS LTD}},
Address = {{24-28 OVAL RD, LONDON NW1 7DX, ENGLAND}},
Type = {{Article}},
Language = {{English}},
Affiliation = {{Froese, R (Reprint Author), Int Ctr Living Aquat Resources Management, MCPO Box 2631, Makati 0718, Philippines.
   Int Ctr Living Aquat Resources Management, Makati 0718, Philippines.}},
DOI = {{10.1111/j.1095-8649.2000.tb00870.x}},
ISSN = {{0022-1112}},
Keywords = {{yield per recruit; maturity; life-span; generation time;
   length-frequency}},
Keywords-Plus = {{GROWTH; MORTALITY; AGE; REPRODUCTION; PARAMETERS; STOCKS; GULF}},
Subject-Category = {{Fisheries; Marine \& Freshwater Biology}},
Number-of-Cited-References = {{37}},
Times-Cited = {{85}},
Journal-ISO = {{J. Fish Biol.}},
Doc-Delivery-Number = {{296VE}},
Unique-ID = {{ISI:000086046800002}},
}


@article{grant2003density,
	title = {Density-dependent populations require density-dependent elasticity   analysis: an illustration using the {LPA} model of Tribolium {RID} C-6493-2009},
	volume = {72},
	issn = {0021-8790},
	shorttitle = {Density-dependent populations require density-dependent elasticity   analysis},
	doi = {10.1046/j.1365-2656.2003.00684.x},
	number = {1},
	journal = {Journal of Animal Ecology},
	author = {Grant, A and Benton, {TG}},
	month = jan,
	year = {2003},
	note = {{WOS:000180926600009}},
	keywords = {castaneum, chaos, dynamics, environments, evolution, genetic-analysis, growth rate, life histories, matrix models, natural-selection, parameters, population dynamics, selection pressures, sensitivity   analysis, structured populations},
	pages = {94--105}
}



@article{heppell1998application,
  title={Application of life-history theory and population model analysis to turtle conservation},
  author={Heppell, S.S.},
  journal={Copeia},
  pages={367--375},
  year={1998},
  publisher={JSTOR}
}

@article{kell2007flr,
  title={FLR: an open-source framework for the evaluation and development of management strategies},
  author={Kell, L.T. and Mosqueira, I. and Grosjean, P. and Fromentin, J.M. and Garcia, D. and Hillary, R. and Jardim, E. and Mardle, S. and Pastoors, MA and Poos, JJ and others},
  journal={ICES Journal of Marine Science: Journal du Conseil},
  volume={64},
  number={4},
  pages={640},
  year={2007},
  publisher={Oxford University Press}
}

@article{von1957quantitative,
  title={Quantitative laws in metabolism and growth},
  author={Von Bertalanffy, L.},
  journal={Quarterly Review of Biology},
  pages={217--231},
  year={1957},
  publisher={JSTOR}
}

@inproceedings{wetherall1987estimating,
  title={Estimating growth and mortality in steady-state fish stocks from length-frequency data},
  author={Wetherall, JA and Polovina, JJ and Ralston, S.},
  booktitle={ICLARM Conf. Proc},
  pages={53--74},
  year={1987}
}

@article{ISSF2011steep,
  title={Report of the 2011 ISSF Stock Assessment Workshop},
  author={Anonymous},
  journal={ISSF Technical Report 2011-­‐02.},
  pages={},
  year={2011},
  publisher={ International Seafood Sustainability Foundation, McLean, Virginia, USA}
}


@article{beverton1992patterns,
  title={Patterns of reproductive strategy parameters in some marine teleost fishes},
  author={Beverton, RJH},
  journal={Journal of Fish Biology},
  volume={41},
  pages={137--160},
  year={1992},
  publisher={Wiley Online Library}
}

@article{pope2006modelling,
  title={Modelling an exploited marine fish community with 15 parameters--results from a simple size-based model},
  author={Pope, J.G. and Rice, J.C. and Daan, N. and Jennings, S. and Gislason, H.},
  journal={ICES Journal of Marine Science: Journal du Conseil},
  volume={63},
  number={6},
  pages={1029--1044},
  year={2006},
  publisher={Oxford University Press}
}

@article{andersen2006asymptotic,
  title={Asymptotic size determines species abundance in the marine size spectrum},
  author={Andersen, K.H. and Beyer, JE},
  journal={The American Naturalist},
  volume={168},
  number={1},
  pages={54--61},
  year={2006},
  publisher={JSTOR}
}


@article{gislason2008coexistence,
  title={Coexistence in North Sea fish communities: implications for growth and natural mortality},
  author={Gislason, H. and Pope, J.G. and Rice, J.C. and Daan, N.},
  journal={ICES Journal of Marine Science: Journal du Conseil},
  volume={65},
  number={4},
  pages={514--530},
  year={2008},
  publisher={Oxford University Press}
}

@article{gislason2010does,
  title={Does natural mortality depend on individual size},
  author={Gislason, H. and Daan, N. and Rice, JC and Pope, JG},
  journal={Fish and Fisheries},
  volume={11},
  number={2},
  pages={149--158},
  year={2010}
}

@book{reilly2003science,
  title={Science and soccer},
  author={Reilly, T. and Williams, A.M.},
  year={2003},
  publisher={Psychology Press}
}

@article{williams2003implications,
  title={Implications of life-history invariants for biological reference points used in fishery management},
  author={Williams, E.H. and Shertzer, K.W.},
  journal={Canadian Journal of Fisheries and Aquatic Sciences},
  volume={60},
  number={6},
  pages={710--720},
  year={2003},
  publisher={NRC Research Press}
}


@article{roff1984evolution,
  title={The evolution of life history parameters in teleosts},
  author={Roff, D.A.},
  journal={Canadian Journal of Fisheries and Aquatic Sciences},
  volume={41},
  number={6},
  pages={989--1000},
  year={1984},
  publisher={NRC Research Press}
}

@article{kell2005evaluationR,
  title={An evaluation of the implicit management procedure used for some ICES roundfish stocks},
  author={Kell, LT and Pilling, GM and Kirkwood, GP and Pastoors, M. and Mesnil, B. and Korsbrekke, K. and Abaunza, P. and Aps, R. and Biseau, A. and Kunzlik, P. and others},
  journal={ICES Journal of Marine Science: Journal du Conseil},
  volume={62},
  number={4},
  pages={750--759},
  year={2005},
  publisher={Oxford University Press}
}
@article{kell2005evaluationF,
  title={Evaluation of multiple management objectives for Northeast Atlantic flatfish stocks: sustainability vs. stability of yield},
  author={Kell, LT and Pastoors, MA and Scott, RD and Smith, MT and Van Beek, FA and O'Brien, CM and Pilling, GM},
  journal={ICES Journal of Marine Science: Journal du Conseil},
  volume={62},
  number={6},
  pages={1104--1117},
  year={2005},
  publisher={Oxford University Press}
}

@article{garcia1996precautionary,
  title={The precautionary approach to fisheries and its implications for fishery research, technology and management: an updated review},
  author={Garcia, SM},
  journal={FAO Fisheries Technical Paper},
  pages={1--76},
  year={1996},
  publisher={FOOD AND AGRICULTURE ORGANIZATION}
}


@article{cooke1999improvement,
  title={Improvement of fishery-management advice through simulation testing of harvest algorithms},
  author={Cooke, JG},
  journal={ICES Journal of Marine Science: Journal du Conseil},
  volume={56},
  number={6},
  pages={797},
  year={1999},
  publisher={Oxford University Press}
}


@article{martell2007management,
  title={A management oriented approach to age-structured stock assessments},
  author={Martell, S.J.D. and Pine III, WE and Walters, CJ},
  journal={Can. J. Fish. Aquat. Sci},
  volume={20},
  year={2007}
}

@article{sparholt2010sustainable,
  title={Sustainable exploitation of temperate fish stocks},
  author={Sparholt, H. and Cook, R.M.},
  journal={Biology Letters},
  volume={6},
  number={1},
  pages={124},
  year={2010},
  publisher={The Royal Society}
}

@book{pella1969generalized,
  title={A generalized stock production model},
  author={Pella, J.J. and Tomlinson, P.K.},
  year={1969},
  publisher={Inter-American Tropical Tuna Commission}
}

@article{reiss2009genetic,
  title={Genetic population structure of marine fish: mismatch between biological and fisheries management units},
  author={Reiss, H. and Hoarau, G. and Dickey-Collas, M. and Wolff, W.J.},
  journal={Fish and Fisheries},
  volume={10},
  number={4},
  pages={361--395},
  year={2009},
  publisher={Wiley Online Library}
}



@article{kell2007flr,
  title={FLR: an open-source framework for the evaluation and development of management strategies},
  author={Kell, L.T. and Mosqueira, I. and Grosjean, P. and Fromentin, J.M. and Garcia, D. and Hillary, R. and Jardim, E. and Mardle, S. and Pastoors, MA and Poos, JJ and others},
  journal={ICES Journal of Marine Science: Journal du Conseil},
  volume={64},
  number={4},
  pages={640},
  year={2007},
  publisher={Oxford University Press}
}

@article{kell2005evaluationR,
  title={An evaluation of the implicit management procedure used for some ICES roundfish stocks},
  author={Kell, LT and Pilling, GM and Kirkwood, GP and Pastoors, M. and Mesnil, B. and Korsbrekke, K. and Abaunza, P. and Aps, R. and Biseau, A. and Kunzlik, P. and others},
  journal={ICES Journal of Marine Science: Journal du Conseil},
  volume={62},
  number={4},
  pages={750--759},
  year={2005},
  publisher={Oxford University Press}
}
@article{kell2005evaluationF,
  title={Evaluation of multiple management objectives for Northeast Atlantic flatfish stocks: sustainability vs. stability of yield},
  author={Kell, LT and Pastoors, MA and Scott, RD and Smith, MT and Van Beek, FA and O'Brien, CM and Pilling, GM},
  journal={ICES Journal of Marine Science: Journal du Conseil},
  volume={62},
  number={6},
  pages={1104--1117},
  year={2005},
  publisher={Oxford University Press}
}

@article{garcia1996precautionary,
  title={The precautionary approach to fisheries and its implications for fishery research, technology and management: an updated review},
  author={Garcia, SM},
  journal={FAO Fisheries Technical Paper},
  pages={1--76},
  year={1996},
  publisher={FOOD AND AGRICULTURE ORGANIZATION}
}


@article{cooke1999improvement,
  title={Improvement of fishery-management advice through simulation testing of harvest algorithms},
  author={Cooke, JG},
  journal={ICES Journal of Marine Science: Journal du Conseil},
  volume={56},
  number={6},
  pages={797},
  year={1999},
  publisher={Oxford University Press}
}


@article{martell2007management,
  title={A management oriented approach to age-structured stock assessments},
  author={Martell, S.J.D. and Pine III, WE and Walters, CJ},
  journal={Can. J. Fish. Aquat. Sci},
  volume={20},
  year={2007}
}

@article{sparholt2010sustainable,
  title={Sustainable exploitation of temperate fish stocks},
  author={Sparholt, H. and Cook, R.M.},
  journal={Biology Letters},
  volume={6},
  number={1},
  pages={124},
  year={2010},
  publisher={The Royal Society}
}

@article{russell1931some,
  title={Some theoretical considerations on the overfishing problem},
  author={Russell, ES},
  journal={Journal du conseil},
  volume={6},
  number={1},
  pages={3},
  year={1931},
  publisher={Oxford University Press}
}

@book{pella1969generalized,
  title={A generalized stock production model},
  author={Pella, J.J. and Tomlinson, P.K.},
  year={1969},
  publisher={Inter-American Tropical Tuna Commission}
}

@article{reiss2009genetic,
  title={Genetic population structure of marine fish: mismatch between biological and fisheries management units},
  author={Reiss, H. and Hoarau, G. and Dickey-Collas, M. and Wolff, W.J.},
  journal={Fish and Fisheries},
  volume={10},
  number={4},
  pages={361--395},
  year={2009},
  publisher={Wiley Online Library}
}

@book{nla.cat-vn1639801,
author = { Technical Consultation on the Precautionary Approach to Capture Fisheries Including Species Introductions and Food and Agriculture Organization of the United Nations. },
title = { Precautionary approach to capture fisheries and species introductions / elaborated by the Technical Consultation on the Precautionary Approach to Capture Fisheries (Including Species Introductions), Lysekil, Sweden, 6-13 June 1995 },
isbn = { 9251039151 },
publisher = { : FAO, Rome },
pages = { v, 53 p. ; },
year = { 1996 },
type = { Book },
language = { English },
subjects = { Fishery resources.; Fishery management, International. },
life-dates = { 1996 -  },
catalogue-url = { http://nla.gov.au/nla.cat-vn1639801 },
}

@article{Benton1999467,
title = "Elasticity analysis as an important tool in evolutionary and population ecology",
journal = "Trends in Ecology &amp; Evolution",
volume = "14",
number = "12",
pages = "467 - 471",
year = "1999",
note = "",
issn = "0169-5347",
doi = "10.1016/S0169-5347(99)01724-3",
url = "http://www.sciencedirect.com/science/article/pii/S0169534799017243",
author = "Tim G. Benton and Alastair Grant",
keywords = "Elasticity analysis",
keywords = "Sensitivity analysis",
keywords = "Matrix models",
keywords = "Conservation",
keywords = "Management",
keywords = "Evolution",
keywords = "Stochasticity",
keywords = "Density dependence",
keywords = "Population viability analysis"
}

@article{Hunter2000299,
title = "Parameter uncertainty and elasticity analyses of a population model: setting research priorities for shearwaters",
journal = "Ecological Modelling",
volume = "134",
number = "2â€“3",
pages = "299 - 324",
year = "2000",
note = "",
issn = "0304-3800",
doi = "10.1016/S0304-3800(00)00344-6",
url = "http://www.sciencedirect.com/science/article/pii/S0304380000003446",
author = "C.M Hunter and H Moller and D Fletcher",
keywords = "Demography",
keywords = "Simulation model",
keywords = "Uncertainty analysis",
keywords = "Elasticity analysis",
keywords = "Shearwaters"
}

@article{froese_empirical_2000,
	title = {Empirical relationships to estimate asymptotic length, length at first maturity and length at maximum yield per recruit in fishes, with a simple method to evaluate length frequency data},
	volume = {56},
	issn = {1095-8649},
	url = {http://onlinelibrary.wiley.com/doi/10.1111/j.1095-8649.2000.tb00870.x/abstract},
	doi = {10.1111/j.1095-8649.2000.tb00870.x},
	abstract = {Empirical relationships are presented to estimate in fishes, asymptotic length {(L∞)} from maximum observed length {(Lmax)}, length at first maturity {(Lm)} from L∞, life span (tmax) from age at first maturity (tm), and length at maximum possible yield per recruit {(Lopt)} from L∞ and from Lm, respectively. The age at Lopt is found to be a good indicator of generation time in fishes. A spreadsheet containing the various equations can be downloaded from the Internet at http://www.fishbase.org/download as {popdynJFB.zip.} A simple method is presented for evaluation of length–frequency data in their relationship to L∞, Lm and Lopt. This can be used to evaluate the quality of the length–frequency sample and the status of the population. Three examples demonstrate the usefulness of this method. 2000 The Fisheries Society of the British Isles},
	number = {4},
	journal = {Journal of Fish Biology},
	author = {Froese, R. and Binohlan, C.},
	month = apr,
	year = {2000},
	keywords = {generation time, length–frequency, life–span, maturity, yield per recruit},
	pages = {758--773}
},

@article{McCully2012,
    title="Productivity and Susceptibility Analysis: application and suitability for data poor assessment of Celtic Sea elasmobranchs (in preparation).",
    author="S. R. McCully and F. Scott and J. R. Ellis and G. M. Pilling",
}

@article{Pichancourt200631,
title = "A hierarchical matrix model to assess the impact of habitat fragmentation on population dynamics: an elasticity analysis",
journal = "Comptes Rendus Biologies",
volume = "329",
number = "1",
pages = "31 - 39",
year = "2006",
issn = "1631-0691",
doi = "10.1016/j.crvi.2005.09.009",
url = "http://www.sciencedirect.com/science/article/pii/S1631069105001769",
author = "Jean-Baptiste Pichancourt and FranÃ§oise Burel and Pierre Auger",
keywords = "<span style='font-style: italic'>Abax parallelepipedus</span>",
keywords = "Wood fragmentation",
keywords = "Spatial Leslie-type model",
keywords = "Time scales",
keywords = "SLOSS",
keywords = "Asymptotic population growth rate",
keywords = "Elasticity analysis",
keywords = "<span style='font-style: italic'>Abax parallelepipedus</span>",
keywords = "Fragmentation de l'habitat",
keywords = "ModÃ¨le de Leslie spatialisÃ©",
keywords = "Ã‰chelles de temps",
keywords = "SLOSS",
keywords = "Taux d'accroissement asymptotique",
keywords = "Analyse d'Ã©lasticitÃ©"
}

@article{RogersBennett2006,
title = "Elasticity Analyses Of Size-Based Red And White Abalone Matrix Models: Management And Conservation",
journal = "Ecological Applications",
volume = "16",
number = "1",
pages = "213-224",
year = "2006",
issn = "1051-0761",
doi = "10.1890/04-1688",
author = "L Rogers-Bennett and R T Leaf",
}

@article {Heppell2007,
   author = {Heppell, Selina},
   affiliation = {Oregon State University Department of Fisheries and Wildlife 104 Nash Hall Corvallis OR 97331 USA},
   title = {Elasticity Analysis of Green Sturgeon Life History},
   journal = {Environmental Biology of Fishes},
   publisher = {Springer Netherlands},
   issn = {0378-1909},
   keyword = {Earth and Environmental Science},
   pages = {357-368},
   volume = {79},
   issue = {3},
   url = {http://dx.doi.org/10.1007/s10641-006-9052-1},
   note = {10.1007/s10641-006-9052-1},
   year = {2007}
}

@book{Hilbornetal2000,
  title={Documentation for a general age-structured Bayesian stock assessment model: code named Coleraine.},
  author={Hilborn, R. and Maunder, M.N. and  Parma, A. and Ernst, B. and Paynes, J. and Starr, P.J.},
  year={2000},
  number={FRI/UW 00/01},
  publisher={Fisheries Research Institute, University of Washington}
}
